<record><leader>00000cas a22000007a 4500</leader><controlfield tag="001">13508010</controlfield><controlfield tag="008">860429d19341964aluwr ne      0    0eng d</controlfield><datafield ind1=" " ind2=" " tag="010"><subfield code="a">sn 86050172 </subfield></datafield><datafield ind1=" " ind2=" " tag="040"><subfield code="a">AAR</subfield><subfield code="b">eng</subfield><subfield code="c">AAR</subfield><subfield code="d">CPN</subfield><subfield code="d">NSD</subfield><subfield code="d">CPN</subfield><subfield code="d">OCLCQ</subfield></datafield><datafield ind1=" " ind2=" " tag="042"><subfield code="a">msc</subfield></datafield><datafield ind1="0" ind2="4" tag="245"><subfield code="a">The Albertville herald.</subfield></datafield><datafield ind1="3" ind2="0" tag="246"><subfield code="a">Herald</subfield></datafield><datafield ind1=" " ind2=" " tag="260"><subfield code="a">Albertville, Ala. :</subfield><subfield code="b">J.J. Benford,</subfield><subfield code="c">1934-1964.</subfield></datafield><datafield ind1=" " ind2=" " tag="300"><subfield code="a">v. :</subfield><subfield code="b">ill. ;</subfield><subfield code="c">54-55 cm.</subfield></datafield><datafield ind1=" " ind2=" " tag="310"><subfield code="a">Weekly</subfield></datafield><datafield ind1="0" ind2=" " tag="362"><subfield code="a">Vol. 1, no. 1 (Jan. 15, 1934)-v. 68, no. 29 (Oct. 15, 1964).</subfield></datafield><datafield ind1=" " ind2=" " tag="500"><subfield code="a">Published as: The Herald, Feb. 7-Mar. 28, 1957.</subfield></datafield><datafield ind1=" " ind2=" " tag="515"><subfield code="a">Numbering is irregular.</subfield></datafield><datafield ind1=" " ind2=" " tag="752"><subfield code="a">United States</subfield><subfield code="b">Alabama</subfield><subfield code="c">Marshall</subfield><subfield code="d">Albertville.</subfield></datafield><datafield ind1="0" ind2="4" tag="785"><subfield code="t">Sand Mountain reporter</subfield><subfield code="x">0890-1724</subfield><subfield code="w">(DLC)sn 86050171</subfield></datafield></record>